[gd_scene load_steps=3 format=3 uid="uid://bxbdm7f8cv3vu"]

[ext_resource type="Script" path="res://src/Lobby.gd" id="1_qvmh0"]
[ext_resource type="Script" path="res://assets/tscn/TCP.gd" id="2_vpghd"]

[node name="Lobby" type="Control"]
layout_mode = 3
anchors_preset = 0
offset_right = 40.0
offset_bottom = 40.0
script = ExtResource("1_qvmh0")

[node name="Connect" type="Panel" parent="."]
layout_mode = 0
offset_left = 437.0
offset_top = 240.0
offset_right = 714.0
offset_bottom = 407.0

[node name="LabelName" type="Label" parent="Connect"]
layout_mode = 0
offset_left = 15.0
offset_top = 7.0
offset_right = 66.0
offset_bottom = 30.0
text = "Name:"

[node name="Name" type="LineEdit" parent="Connect"]
layout_mode = 0
offset_left = 14.0
offset_top = 33.0
offset_right = 209.0
offset_bottom = 64.0
text = "The winner"

[node name="Ip" type="LineEdit" parent="Connect"]
layout_mode = 0
offset_left = 17.0
offset_top = 109.0
offset_right = 212.0
offset_bottom = 140.0
text = "127.0.0.1"

[node name="Host" type="Button" parent="Connect"]
layout_mode = 0
offset_left = 220.0
offset_top = 33.0
offset_right = 269.0
offset_bottom = 64.0
text = "Host
"

[node name="Join" type="Button" parent="Connect"]
layout_mode = 0
offset_left = 221.0
offset_top = 109.0
offset_right = 270.0
offset_bottom = 140.0
text = "Join
"

[node name="LabelIp" type="Label" parent="Connect"]
layout_mode = 0
offset_left = 19.0
offset_top = 85.0
offset_right = 59.0
offset_bottom = 108.0
text = "IP:"

[node name="Players" type="Panel" parent="."]
visible = false
layout_mode = 0
offset_left = 450.0
offset_top = 146.0
offset_right = 702.0
offset_bottom = 501.0

[node name="AwaitingPlayer" type="Label" parent="Players"]
layout_mode = 0
offset_left = 12.0
offset_top = 12.0
offset_right = 245.0
offset_bottom = 35.0
text = "
En attente d'un autre joueur..."

[node name="ItemList" type="ItemList" parent="Players"]
layout_mode = 0
offset_left = 24.0
offset_top = 71.0
offset_right = 232.0
offset_bottom = 294.0

[node name="Start" type="Button" parent="Players"]
layout_mode = 0
offset_left = 73.0
offset_top = 310.0
offset_right = 175.0
offset_bottom = 341.0
text = "Start"

[node name="TCP" type="Node" parent="."]
script = ExtResource("2_vpghd")

[connection signal="pressed" from="Connect/Host" to="." method="_on_host_pressed"]
[connection signal="pressed" from="Connect/Join" to="." method="_on_join_pressed"]
[connection signal="pressed" from="Players/Start" to="." method="_on_start_pressed"]
